<record><leader>00000cas a2200000 a 4500</leader><controlfield tag="001">12332915</controlfield><controlfield tag="008">850801d18831884ksucr ne      0    0eng d</controlfield><datafield ind1=" " ind2=" " tag="010"><subfield code="a">sn 85031680 </subfield></datafield><datafield ind1=" " ind2=" " tag="040"><subfield code="a">KSH</subfield><subfield code="b">eng</subfield><subfield code="c">KSH</subfield><subfield code="d">NPT</subfield><subfield code="d">OCL</subfield><subfield code="d">OCLCQ</subfield></datafield><datafield ind1=" " ind2=" " tag="042"><subfield code="a">msc</subfield></datafield><datafield ind1="0" ind2=" " tag="130"><subfield code="a">Semi-weekly republican (Louisville, Kan.)</subfield></datafield><datafield ind1="1" ind2="4" tag="245"><subfield code="a">The semi-weekly republican.</subfield></datafield><datafield ind1="1" ind2="3" tag="246"><subfield code="a">Tuesday republican</subfield><subfield code="f">Nov. 27-Dec. 4, 1883</subfield></datafield><datafield ind1="1" ind2="3" tag="246"><subfield code="a">Saturday republican</subfield><subfield code="f">Dec. 1, 1883</subfield></datafield><datafield ind1=" " ind2=" " tag="260"><subfield code="a">Louisville, Kan. :</subfield><subfield code="b">Cotton &amp; Anderson,</subfield><subfield code="c">1883-1884.</subfield></datafield><datafield ind1=" " ind2=" " tag="300"><subfield code="a">1 v. ;</subfield><subfield code="c">50 cm.</subfield></datafield><datafield ind1=" " ind2=" " tag="310"><subfield code="a">Semiweekly</subfield></datafield><datafield ind1="0" ind2=" " tag="362"><subfield code="a">Vol. 2, no. 35 (July 17, 1883)-v. 2, no. 52 (Nov. 17, 1883) = v. 1, no. 1-v. 1, no. 35 ; v. 3, no. 1 (Nov. 20, 1883)-v. 3, no. 105 (Nov. 22, 1884).</subfield></datafield><datafield ind1=" " ind2=" " tag="500"><subfield code="a">Published by E.D. Anderson, Aug. 9-Nov. 22, 1884.</subfield></datafield><datafield ind1=" " ind2=" " tag="525"><subfield code="a">Supplement included with Sept. 25, 1883 issue.</subfield></datafield><datafield ind1=" " ind2=" " tag="752"><subfield code="a">United States</subfield><subfield code="b">Kansas</subfield><subfield code="c">Pottawatomie</subfield><subfield code="d">Louisville.</subfield></datafield><datafield ind1="0" ind2="0" tag="780"><subfield code="t">Louisville republican (Louisville, Kan. : 1881)</subfield><subfield code="w">(DLC)sn 85031679</subfield></datafield><datafield ind1="0" ind2="0" tag="785"><subfield code="t">Louisville republican (Louisville, Kan. : 1884)</subfield><subfield code="w">(DLC)sn 85031681</subfield></datafield></record>